<?xml version="1.0" encoding="UTF-8"?><collection xmlns="http://www.loc.gov/MARC21/slim"><record><leader>00373nam--2200133-i-4500</leader><controlfield tag="001">000032566</controlfield><controlfield tag="002">20161230</controlfield><controlfield tag="005">20161230201039</controlfield><controlfield tag="008">060222s1000------------r-----000-0-eng-d</controlfield><datafield ind1=" " ind2=" " tag="080"><subfield code="a">530.145.6:535.338.3</subfield></datafield><datafield ind1=" " ind2=" " tag="100"><subfield code="a">Mizushima, Masataka</subfield></datafield><datafield ind1=" " ind2=" " tag="245"><subfield code="a">Quantum mechanics of atomic spectra and atomic structure</subfield></datafield><datafield ind1=" " ind2=" " tag="260"><subfield code="a">New York, W.A.Benjamin, 1970, Xiv + 419p</subfield></datafield><datafield ind1=" " ind2=" " tag="852"><subfield code="a">34337</subfield></datafield></record></collection>